<record><leader>00000cas a2200000 a 4500</leader><controlfield tag="001">16770212</controlfield><controlfield tag="008">870928d1uuu1970iludn ne      0   a0eng  </controlfield><datafield ind1=" " ind2=" " tag="010"><subfield code="a">sn 87062371 </subfield></datafield><datafield ind1=" " ind2=" " tag="040"><subfield code="a">DLC</subfield><subfield code="b">eng</subfield><subfield code="c">DLC</subfield><subfield code="d">NVF</subfield><subfield code="d">CVF</subfield><subfield code="d">NVF</subfield><subfield code="d">OCLCQ</subfield><subfield code="d">OCLCO</subfield><subfield code="d">OCLCF</subfield><subfield code="d">NVF</subfield><subfield code="d">DLC</subfield><subfield code="d">OCL</subfield></datafield><datafield ind1=" " ind2=" " tag="042"><subfield code="a">pcc</subfield></datafield><datafield ind1=" " ind2=" " tag="043"><subfield code="a">n-us-il</subfield></datafield><datafield ind1="0" ind2="0" tag="050"><subfield code="a">Newspaper</subfield></datafield><datafield ind1="0" ind2=" " tag="130"><subfield code="a">Cook County herald (Arlington Heights, Ill.)</subfield></datafield><datafield ind1="1" ind2="0" tag="245"><subfield code="a">Cook County herald.</subfield></datafield><datafield ind1=" " ind2=" " tag="260"><subfield code="a">Arlington Heights, Ill. :</subfield><subfield code="b">H.C. Paddock</subfield></datafield><datafield ind1=" " ind2=" " tag="300"><subfield code="a">v.</subfield></datafield><datafield ind1=" " ind2=" " tag="310"><subfield code="a">Daily (except Saturday and Sunday),</subfield><subfield code="b">May 5, 1969-1970</subfield></datafield><datafield ind1=" " ind2=" " tag="321"><subfield code="a">Weekly,</subfield><subfield code="b">&lt;Jan. 13, 1900&gt;-Feb. 24, 1967</subfield></datafield><datafield ind1=" " ind2=" " tag="321"><subfield code="a">Triweekly,</subfield><subfield code="b">Mar. 1, 1967-May 2, 1969</subfield></datafield><datafield ind1="0" ind2=" " tag="362"><subfield code="a">-98th year, [no.] 254 (June 19, 1970).</subfield></datafield><datafield ind1=" " ind2=" " tag="580"><subfield code="a">Merged with: Des Plaines day, to form: Des Plaines herald-day.</subfield></datafield><datafield ind1=" " ind2=" " tag="588"><subfield code="a">Description based on: Vol. 28, no. 2 (Jan. 13, 1900).</subfield></datafield><datafield ind1=" " ind2="0" tag="651"><subfield code="a">Cook County (Ill.)</subfield><subfield code="v">Newspapers.</subfield></datafield><datafield ind1=" " ind2="7" tag="651"><subfield code="a">Illinois</subfield><subfield code="z">Cook County.</subfield><subfield code="2">fast</subfield><subfield code="0">(OCoLC)fst01205334</subfield></datafield><datafield ind1=" " ind2="7" tag="655"><subfield code="a">Newspapers.</subfield><subfield code="2">fast</subfield><subfield code="0">(OCoLC)fst01423814</subfield></datafield><datafield ind1=" " ind2=" " tag="752"><subfield code="a">United States</subfield><subfield code="b">Illinois</subfield><subfield code="c">Cook</subfield><subfield code="d">Arlington Heights.</subfield></datafield><datafield ind1="1" ind2="7" tag="785"><subfield code="t">Des Plaines day</subfield><subfield code="w">(DLC)sn2003060721</subfield><subfield code="w">(OCoLC)27010223</subfield></datafield><datafield ind1="1" ind2="7" tag="785"><subfield code="t">Des Plaines herald-day</subfield><subfield code="w">(DLC)sn 94054525</subfield><subfield code="w">(OCoLC)30840469</subfield></datafield><datafield ind1="1" ind2=" " tag="029"><subfield code="a">AU@</subfield><subfield code="b">000020473212</subfield></datafield></record>